
@article{Knape:2011qf,
	Author = {Jonas Knape and Perry {de Valpine}},
	Journal = {Proceedings of the Royal Society B},
	Pages = {985--992},
	Title = {Effects of weather and climate on the dynamics of animal population time series},
	Volume = {278},
	Year = {2011}}

@article{Holmes:2001ve,
	Author = {Elizabeth E. Holmes},
	Journal = {Proceedings of the National Academy of Sciences},
	Pages = {5072--5077},
	Title = {Estimating risks in declining populations with poor data},
	Volume = {98},
	Year = {2001}}

@article{Cangelosi:2009ly,
	Author = {Amanda R. Cangelosi and Mevin B. Hooten},
	Journal = {Biometrics},
	Pages = {850--856},
	Title = {Models for Bounded Systems with Continuous Dynamics},
	Volume = {65},
	Year = {2009}}

@article{Staple:2009zr,
	Author = {David F. Staple and Mark L. Taper and Brian Dennis and Robert J. Boik},
	Journal = {Environmental and Ecological Statistics},
	Pages = {547--560},
	Title = {Effects of sampling error and temporal correlations in population growth on process variance estimators},
	Volume = {16},
	Year = {2009}}

@article{Holmes:2004ys,
	Author = {Elizabeth E. Holmes},
	Journal = {Ecological Applications},
	Pages = {1272--1293},
	Title = {Beyond Theory to Application and Evaluation: Diffusion Approximations for Population Viability Analysis},
	Volume = {14},
	Year = {2004}}

@article{Holmes:2002vn,
	Author = {Elizabeth E. Holmes and William F. Fagan},
	Journal = {Ecology},
	Pages = {2379--2386},
	Title = {Population Viability Analysis for Corrupted Data Sets},
	Volume = {83},
	Year = {2002}}

@article{Holmes:1994kx,
	Author = {E. E. Holmes and M. A. Lewis and J. E. Banks and R. R. Veit},
	Journal = {Ecology},
	Pages = {17--29},
	Title = {Partial Differential Equations in Ecology: Spatial Interactions and Population Dynamics},
	Volume = {75},
	Year = {1994}}

@article{IVES:2010uq,
	Author = {ANTHONY R. IVES and KAREN C. ABBOTT and NICOLAS L. ZIEBARTH},
	Journal = {Ecology},
	Pages = {858--871},
	Title = {Analysis of ecological time series with {ARMA}(p,q) models},
	Volume = {91},
	Year = {2010}}

@article{Eberhardt:2012fk,
	Author = {L. L. Eberhardt and J. M. Breiwick},
	Journal = {ISRN Ecology},
	Pages = {815016},
	Title = {Models for Population Growth Curves},
	Year = {2012}}

@article{Seavya:2007vn,
	Author = {Nathaniel E. Seavya and Michelle H. Reynolds},
	Journal = {Biological Conservation},
	Pages = {187--191},
	Title = {Is statistical power to detect trends a good assessment of population monitoring?},
	Volume = {140},
	Year = {2007}}

@article{DENNIS:2006kx,
	Author = {BRIAN DENNIS and JOSE? MIGUEL PONCIANO and SUBHASH R. LELE and MARK L. TAPER and DAVID F. STAPLES},
	Journal = {Ecological Monographs},
	Pages = {323--341},
	Title = {ESTIMATING DENSITY DEPENDENCE, PROCESS NOISE, AND OBSERVATION ERROR},
	Volume = {76},
	Year = {2006}}

@article{Humbert:2009fk,
	Author = {Jean-Yves Humbert and L. Scott Mills and Jon S. Horne and Brian Dennis},
	Journal = {Oikos},
	Pages = {1940--1946},
	Title = {A better way to estimate population trends},
	Volume = {118},
	Year = {2009}}

@article{Fay:2013uq,
	Author = {G. Fay and A. E. Punt},
	Journal = {Ecological Applications},
	Title = {Methods for estimating spatial trends in {S}teller sea lion pup production using the {K}alman filter},
	Volume = {In press},
	Year = {2013}}

@article{Ward:2010sw,
	Author = {Ward, Eric J. and Chirakkal, Haridas and Gonzalez-Suarez, Manuela and Aurioles-Gamboa, David and Holmes, Elizabeth E. and Gerber, Leah},
	Journal = {Journal of Applied Ecology},
	Month = feb,
	Number = {1},
	Pages = {47--56},
	Title = {Inferring spatial structure from time-series data: using multivariate state-space models to detect metapopulation structure of California sea lions in the Gulf of California, Mexico},
	Volume = {47},
	Year = {2010}}

@article{Sauer:2002fc,
	Author = {Sauer, JR and Link, WA},
	Journal = {{ECOLOGY}},
	Month = {{JUN}},
	Number = {{6}},
	Pages = {{1743-1751}},
	Title = {{Hierarchical modeling of population stability and species group attributes from survey data}},
	Volume = {{83}},
	Year = {{2002}}}

@article{Wade:2000bh,
	Author = {Wade, PR},
	Journal = {Conservation Biology},
	Month = oct,
	Number = {5},
	Pages = {1308--1316},
	Title = {Bayesian methods in conservation biology},
	Volume = {14},
	Year = {2000}}

@article{Kery:2009uq,
	Author = {Kery, Marc and Dorazio, Robert M. and Soldaat, Leo and van Strien, Arco and Zuiderwijk, Annie and Royle, J. Andrew},
	Journal = {Journal of Applied Ecology},
	Month = {{DEC}},
	Number = {{6}},
	Pages = {1163--1172},
	Title = {Trend estimation in populations with imperfect detection},
	Volume = {{46}},
	Year = {{2009}}}

@article{ISI:000274321200018,
	Author = {Kery, Marc and Royle, J. Andrew},
	Journal = {{JOURNAL OF ANIMAL ECOLOGY}},
	Month = {{MAR}},
	Number = {{2}},
	Pages = {{453-461}},
	Title = {{Hierarchical modelling and estimation of abundance and population trends in metapopulation designs}},
	Volume = {{79}},
	Year = {{2010}}}

@article{Mazzetta:2008gq,
	Author = {C. Mazzetta and S. Brooks and S. N. Freeman},
	Journal = {Biometrics},
	Title = {On smoothing trends in population index modeling},
	Volume = {In press (DOI: 10.1111/j.1541-0420.2007.00820.x)},
	Year = {2008}}

@article{Link:2002zd,
	Author = {Link, WA and Sauer, JR},
	Journal = {Ecology},
	Month = oct,
	Number = {10},
	Pages = {2832-2840},
	Title = {A hierarchical analysis of population change with application to Cerulean Warblers},
	Volume = {83},
	Year = {2002}}

@article{Ver-Hoef:2003au,
	Author = {J. M. {Ver Hoef} and K. J. Frost},
	Journal = {Environmental and Ecological Statistics},
	Pages = {201--219},
	Title = {A {B}ayesian hierarchical model for monitoring harbor seal changes in {P}rince {W}illiam {S}ound, {A}laska},
	Volume = {10},
	Year = {2003}}
